<record><leader>00000cas a2200000 a 4500</leader><controlfield tag="001">25693786</controlfield><controlfield tag="008">920422d19021904iludr ne      0   a0eng c</controlfield><datafield ind1=" " ind2=" " tag="010"><subfield code="a">sn 92054542 </subfield></datafield><datafield ind1=" " ind2=" " tag="040"><subfield code="a">NVF</subfield><subfield code="b">eng</subfield><subfield code="c">NVF</subfield><subfield code="d">NVF</subfield><subfield code="d">OCLCF</subfield><subfield code="d">NVF</subfield><subfield code="d">OCLCO</subfield></datafield><datafield ind1="1" ind2=" " tag="029"><subfield code="a">AU@</subfield><subfield code="b">000020746170</subfield></datafield><datafield ind1=" " ind2=" " tag="042"><subfield code="a">pcc</subfield></datafield><datafield ind1=" " ind2=" " tag="043"><subfield code="a">n-us-il</subfield></datafield><datafield ind1="0" ind2=" " tag="130"><subfield code="a">Herald-transcript (Peoria, Ill.)</subfield></datafield><datafield ind1="1" ind2="4" tag="245"><subfield code="a">The herald-transcript.</subfield></datafield><datafield ind1="1" ind2=" " tag="246"><subfield code="i">Published on Sundays as:</subfield><subfield code="a">Sunday herald-transcript</subfield></datafield><datafield ind1="3" ind2=" " tag="246"><subfield code="a">Herald transcript</subfield></datafield><datafield ind1="3" ind2=" " tag="246"><subfield code="a">Sunday herald transcript</subfield></datafield><datafield ind1=" " ind2=" " tag="260"><subfield code="a">Peoria, Ill. :</subfield><subfield code="b">[s.n.],</subfield><subfield code="c">1902-1904.</subfield></datafield><datafield ind1=" " ind2=" " tag="300"><subfield code="a">v.</subfield></datafield><datafield ind1=" " ind2=" " tag="310"><subfield code="a">Daily</subfield></datafield><datafield ind1="0" ind2=" " tag="362"><subfield code="a">Apr. 22, 1902-May 2, 1904.</subfield></datafield><datafield ind1=" " ind2="0" tag="651"><subfield code="a">Peoria (Ill.)</subfield><subfield code="v">Newspapers.</subfield></datafield><datafield ind1=" " ind2="7" tag="651"><subfield code="a">Illinois</subfield><subfield code="z">Peoria.</subfield><subfield code="2">fast</subfield><subfield code="0">(OCoLC)fst01206107</subfield></datafield><datafield ind1=" " ind2="7" tag="655"><subfield code="a">Newspapers.</subfield><subfield code="2">fast</subfield><subfield code="0">(OCoLC)fst01423814</subfield></datafield><datafield ind1=" " ind2=" " tag="752"><subfield code="a">United States</subfield><subfield code="b">Illinois</subfield><subfield code="c">Peoria</subfield><subfield code="d">Peoria.</subfield></datafield><datafield ind1="0" ind2="0" tag="780"><subfield code="t">Peoria herald-transcript (Peoria, Ill. : 1899)</subfield><subfield code="w">(DLC)sn 92054564</subfield><subfield code="w">(OCoLC)25693582</subfield></datafield><datafield ind1="0" ind2="0" tag="785"><subfield code="t">Peoria herald-transcript (Peoria, Ill. : 1904)</subfield><subfield code="w">(DLC)sn 87056736</subfield><subfield code="w">(OCoLC)17166278</subfield></datafield></record>